<?xml version="1.0" encoding="UTF-8"?><collection xmlns="http://www.loc.gov/MARC21/slim"><record><leader>00358nam--2200145-i-4500</leader><controlfield tag="001">000037870</controlfield><controlfield tag="002">20161230</controlfield><controlfield tag="005">20161230201041</controlfield><controlfield tag="008">060222s1000------------r-----000-0-eng-d</controlfield><datafield ind1=" " ind2=" " tag="080"><subfield code="a">546.18</subfield></datafield><datafield ind1=" " ind2=" " tag="100"><subfield code="a">Radu,O. Si Wohl,A</subfield></datafield><datafield ind1=" " ind2=" " tag="245"><subfield code="a">Fosforul</subfield></datafield><datafield ind1=" " ind2=" " tag="260"><subfield code="a">Bucuresti, Ed.Stiintifica, 1967. 203 P</subfield></datafield><datafield ind1=" " ind2=" " tag="490"><subfield code="a">Enciclopedia De Buzunar. C:Chimie</subfield></datafield><datafield ind1=" " ind2=" " tag="852"><subfield code="a">25839</subfield></datafield></record></collection>